@misc{r1,
title={Using NFQUEUE and libnetfilter\_queue}, url={https://home.regit.org/netfilter-en/using-nfqueue-and-libnetfilter_queue/},
journal={To Linux and beyond}
}

@misc{r2, 
title={How to Configure, Install and Use libnefilter\_queue on Linux}, 
url={https://www.roman10.net/2011/12/01/how-to-configure-install-and-use-libnefilter_queue-on-linux/}
}

@misc{r3,
title={Scapy:Packet crafting for Python2 and Python3}, url={https://scapy.net/}, journal={Scapy}, author={Biondi, Philippe}
}

@misc{r4, 
url={https://floodlight.atlassian.net/wiki/spaces/floodlightcontroller/pages/8650780/Floodlight VM}, 
title={Project Floodlight}
}